@article{zhao2023machine,
  title={Machine learning for predicting battery capacity for electric vehicles},
  author={Zhao, Jingyuan and Ling, Heping and Liu, Jin and Wang, Junbin and Burke, Andrew F and Lian, Yubo},
  journal={ETransportation},
  volume={15},
  pages={100214},
  year={2023},
  publisher={Elsevier}
}

@article{li2020energy,
  title={An energy management strategy with renewable energy and energy storage system for a large electric vehicle charging station},
  author={Li, Desheng and Zouma, Adama and Liao, Jian-Tang and Yang, Hong-Tzer},
  journal={Etransportation},
  volume={6},
  pages={100076},
  year={2020},
  publisher={Elsevier}
}

@article{fachrizal2020smart,
  title={Smart charging of electric vehicles considering photovoltaic power production and electricity consumption: A review},
  author={Fachrizal, Reza and Shepero, Mahmoud and van der Meer, Dennis and Munkhammar, Joakim and Wid{\'e}n, Joakim},
  journal={ETransportation},
  volume={4},
  pages={100056},
  year={2020},
  publisher={Elsevier}
}

@article{lai2022critical,
  title={Critical review of life cycle assessment of lithium-ion batteries for electric vehicles: A lifespan perspective},
  author={Lai, Xin and Chen, Quanwei and Tang, Xiaopeng and Zhou, Yuanqiang and Gao, Furong and Guo, Yue and Bhagat, Rohit and Zheng, Yuejiu},
  journal={Etransportation},
  volume={12},
  pages={100169},
  year={2022},
  publisher={Elsevier}
}

@article{speth2022public,
  title={Public fast charging infrastructure for battery electric trucks—a model-based network for Germany},
  author={Speth, Daniel and Pl{\"o}tz, Patrick and Funke, Simon and Vallarella, Emanuel},
  journal={Environmental Research: Infrastructure and Sustainability},
  volume={2},
  number={2},
  pages={025004},
  year={2022},
  publisher={IOP Publishing}
}

@article{vazifeh2019optimizing,
  title={Optimizing the deployment of electric vehicle charging stations using pervasive mobility data},
  author={Vazifeh, Mohammad M and Zhang, Hongmou and Santi, Paolo and Ratti, Carlo},
  journal={Transportation Research Part A: Policy and Practice},
  volume={121},
  pages={75--91},
  year={2019},
  publisher={Elsevier}
}

@article{ren2019location,
  title={Location of electric vehicle charging stations: A perspective using the grey decision-making model},
  author={Ren, Xianqiang and Zhang, Huiming and Hu, Ruohan and Qiu, Yueming},
  journal={Energy},
  volume={173},
  pages={548--553},
  year={2019},
  publisher={Elsevier}
}

@article{li2016multi,
  title={A multi-period optimization model for the deployment of public electric vehicle charging stations on network},
  author={Li, Shengyin and Huang, Yongxi and Mason, Scott J},
  journal={Transportation Research Part C: Emerging Technologies},
  volume={65},
  pages={128--143},
  year={2016},
  publisher={Elsevier}
}

@article{alhazmi2017optimal,
  title={Optimal allocation for electric vehicle charging stations using Trip Success Ratio},
  author={Alhazmi, Yassir A and Mostafa, Haytham A and Salama, Magdy MA},
  journal={International Journal of Electrical Power \& Energy Systems},
  volume={91},
  pages={101--116},
  year={2017},
  publisher={Elsevier}
}

@article{yildiz2019urban,
  title={The urban recharging infrastructure design problem with stochastic demands and capacitated charging stations},
  author={Y{\i}ld{\i}z, Bar{\i}{\c{s}} and Olcaytu, Evren and {\c{S}}en, Ahmet},
  journal={Transportation Research Part B: Methodological},
  volume={119},
  pages={22--44},
  year={2019},
  publisher={Elsevier}
}

@article{zhang2022bi,
  title={A bi-level optimization framework for charging station design problem considering heterogeneous charging modes},
  author={Zhang, Le and Zeng, Ziling and Gao, Kun},
  journal={Journal of Intelligent and Connected Vehicles},
  volume={5},
  number={1},
  pages={8--16},
  year={2022},
  publisher={TUP}
}

@article{hamed2023random,
  title={Random parameters modeling of charging-power demand for the optimal location of electric vehicle charge facilities},
  author={Hamed, Mohammad M and Kabtawi, Dima M and Al-Assaf, Adel and Albatayneh, Omar and Gharaibeh, Emhaidy S},
  journal={Journal of Cleaner Production},
  volume={388},
  pages={136022},
  year={2023},
  publisher={Elsevier}
}

@incollection{huang2023geographic,
  title={Geographic Information System-Assisted Optimal Design of Renewable-Powered Electric Vehicle Charging Stations in High-Density Cities},
  author={Huang, Pei and Sun, Yongjun},
  booktitle={Future Urban Energy System for Buildings: The Pathway Towards Flexibility, Resilience and Optimization},
  pages={383--403},
  year={2023},
  publisher={Springer}
}

@article{sun2020locating,
  title={Locating charging stations for electric vehicles},
  author={Sun, Zhuo and Gao, Wei and Li, Bin and Wang, Longlong},
  journal={Transport Policy},
  volume={98},
  pages={48--54},
  year={2020},
  publisher={Elsevier}
}

@article{lo2020electric,
  title={Electric vehicle aggregate power flow prediction and smart charging system for distributed renewable energy self-consumption optimization},
  author={Lo Franco, Francesco and Ricco, Mattia and Mandrioli, Riccardo and Grandi, Gabriele},
  journal={Energies},
  volume={13},
  number={19},
  pages={5003},
  year={2020},
  publisher={MDPI}
}

@article{bouguerra2019determining,
  title={Determining optimal deployment of electric vehicles charging stations: Case of Tunis City, Tunisia},
  author={Bouguerra, Seifeddine and Layeb, Safa Bhar},
  journal={Case Studies on Transport Policy},
  volume={7},
  number={3},
  pages={628--642},
  year={2019},
  publisher={Elsevier}
}

@article{miljanic2018efficient,
  title={Efficient Placement of Electric Vehicles Charging Stations using Integer Linear Programming.},
  author={Miljanic, Zoran and Radulovic, Vladan and Lutovac, Budimir},
  journal={Advances in Electrical \& Computer Engineering},
  volume={18},
  number={2},
  year={2018}
}

@article{fredriksson2021optimal,
  title={Optimal Allocation of Charging Stations for Electric Vehicles Using Probabilistic Route Selection},
  author={Fredriksson, Henrik and Dahl, Mattias and Holmgren, Johan},
  journal={Computing and informatics},
  volume={40},
  number={2},
  pages={408--427},
  year={2021},
  publisher={Institute of Informatics, Slovak Academy of Sciences}
}

@article{hua2019optimal,
  title={Optimal deployment of charging stations and movable charging vehicles for electric vehicles},
  author={Hua, GW and Xu, YD},
  journal={Journal of System and Management Sciences},
  volume={9},
  number={1},
  pages={105--116},
  year={2019}
}

@article{yuan2015competitive,
  title={Competitive charging station pricing for plug-in electric vehicles},
  author={Yuan, Wei and Huang, Jianwei and Zhang, Ying Jun Angela},
  journal={IEEE Transactions on Smart Grid},
  volume={8},
  number={2},
  pages={627--639},
  year={2015},
  publisher={IEEE}
}

@article{fekete2016improved,
  title={Improved energy supply for non-road electric vehicles by occasional charging station location modelling},
  author={Fekete, Patrick and Lim, Sirirat and Martin, Steve and Kuhn, Katja and Wright, Nick},
  journal={Energy},
  volume={114},
  pages={1033--1040},
  year={2016},
  publisher={Elsevier}
}

@article{spieker2017multi,
  title={Multi-stage evolution of single-and multi-objective MCLP: Successive placement of charging stations},
  author={Spieker, Helge and Hagg, Alexander and Gaier, Adam and Meilinger, Stefanie and Asteroth, Alexander},
  journal={Soft Computing},
  volume={21},
  pages={4859--4872},
  year={2017},
  publisher={Springer}
}

@article{hosseini2015refueling,
  title={Refueling-station location problem under uncertainty},
  author={Hosseini, Meysam and MirHassani, Seyyed A},
  journal={Transportation Research Part E: Logistics and Transportation Review},
  volume={84},
  pages={101--116},
  year={2015},
  publisher={Elsevier}
}

@article{kunith2017electrification,
  title={Electrification of a city bus network—An optimization model for cost-effective placing of charging infrastructure and battery sizing of fast-charging electric bus systems},
  author={Kunith, Alexander and Mendelevitch, Roman and Goehlich, Dietmar},
  journal={International Journal of Sustainable Transportation},
  volume={11},
  number={10},
  pages={707--720},
  year={2017},
  publisher={Taylor \& Francis}
}

@article{asamer2016optimizing,
  title={Optimizing charging station locations for urban taxi providers},
  author={Asamer, Johannes and Reinthaler, Martin and Ruthmair, Mario and Straub, Markus and Puchinger, Jakob},
  journal={Transportation Research Part A: Policy and Practice},
  volume={85},
  pages={233--246},
  year={2016},
  publisher={Elsevier}
}

@article{jegham2020locating,
  title={Locating and sizing electric vehicles charging stations in new markets},
  author={Jegham, Mohamed Aziz and Layeb, Safa Bhar},
  journal={International Journal of Applied Decision Sciences},
  volume={13},
  number={2},
  pages={153--182},
  year={2020},
  publisher={Inderscience Publishers (IEL)}
}

@article{ko2017determining,
  title={Determining locations of charging stations for electric taxis using taxi operation data},
  author={Ko, Joonho and Kim, Daejin and Nam, Daisik and Lee, Taekyung},
  journal={Transportation Planning and Technology},
  volume={40},
  number={4},
  pages={420--433},
  year={2017},
  publisher={Taylor \& Francis}
}

@inproceedings{albana2022optimal,
  title={The Optimal Location of EV Charging Stations at Surabaya Using the Location Set Covering Problem},
  author={Albana, Abduh Sayid and Muzakki, Arsalan Rafi and Fauzi, Muhammad Dzulfikar},
  booktitle={2022 International Conference on Technology and Policy in Energy and Electric Power (ICT-PEP)},
  pages={95--99},
  year={2022},
  organization={IEEE}
}

@article{he2016sustainability,
  title={Sustainability SI: Optimal prices of electricity at public charging stations for plug-in electric vehicles},
  author={He, Fang and Yin, Yafeng and Wang, Jianhui and Yang, Yanni},
  journal={Networks and Spatial Economics},
  volume={16},
  pages={131--154},
  year={2016},
  publisher={Springer}
}

@article{hesterberg1998control,
  title={Control variates for probability and quantile estimation},
  author={Hesterberg, Timothy C and Nelson, Barry L},
  journal={Management Science},
  volume={44},
  number={9},
  pages={1295--1312},
  year={1998},
  publisher={INFORMS}
}

@article{hayajneh2019evaluation,
  title={Evaluation of electric vehicle charging station network planning via a co-evolution approach},
  author={Hayajneh, Hassan S and Zhang, Xuewei},
  journal={Energies},
  volume={13},
  number={1},
  pages={25},
  year={2019},
  publisher={MDPI}
}

@article{xiang2016economic,
  title={Economic planning of electric vehicle charging stations considering traffic constraints and load profile templates},
  author={Xiang, Yue and Liu, Junyong and Li, Ran and Li, Furong and Gu, Chenghong and Tang, Shuoya},
  journal={Applied Energy},
  volume={178},
  pages={647--659},
  year={2016},
  publisher={Elsevier}
}

@article{khalid2019comprehensive,
  title={A Comprehensive review on electric vehicles charging infrastructures and their impacts on power-quality of the utility grid},
  author={Khalid, Mohd Rizwan and Alam, Mohammad Saad and Sarwar, Adil and Asghar, MS Jamil},
  journal={ETransportation},
  volume={1},
  pages={100006},
  year={2019},
  publisher={Elsevier}
}

@article{unterluggauer2022electric,
  title={Electric vehicle charging infrastructure planning for integrated transportation and power distribution networks: A review},
  author={Unterluggauer, Tim and Rich, Jeppe and Andersen, Peter Bach and Hashemi, Seyedmostafa},
  journal={ETransportation},
  pages={100163},
  year={2022},
  publisher={Elsevier}
}

@article{hussain2020optimal,
  title={Optimal sizing of battery energy storage system in a fast EV charging station considering power outages},
  author={Hussain, Akhtar and Bui, Van-Hai and Kim, Hak-Man},
  journal={IEEE Transactions on Transportation Electrification},
  volume={6},
  number={2},
  pages={453--463},
  year={2020},
  publisher={IEEE}
}

@article{liu2022optimal,
  title={Optimal location planning of electric bus charging stations with integrated photovoltaic and energy storage system},
  author={Liu, Xiaohan and Liu, Xiaoyue and Zhang, Xingying and Zhou, Yirong and Chen, Jianli and Ma, Xiaolei},
  journal={Computer-Aided Civil and Infrastructure Engineering},
  year={2022},
  publisher={Wiley Online Library}
}


@article{zhang2023optimal,
  title={Optimal planning of flood-resilient electric vehicle charging stations},
  author={Zhang, Qian and Yu, Hao and Zhang, Guohui and Ma, Tianwei},
  journal={Computer-Aided Civil and Infrastructure Engineering},
  volume={38},
  number={4},
  pages={489--507},
  year={2023},
  publisher={Wiley Online Library}
}



@inproceedings{amilia2022designing,
  title={Designing an Optimized Electric Vehicle Charging Station Infrastructure for Urban Area: A Case study from Indonesia},
  author={Amilia, Nissa and Palinrungi, Zulkifli and Vanany, Iwan and Arief, Mansur},
  booktitle={2022 IEEE 25th International Conference on Intelligent Transportation Systems (ITSC)},
  pages={2812--2817},
  year={2022},
  organization={IEEE}
}

@inproceedings{mason2010opensolver,
  title={Opensolver: open source optimisation for excel},
  author={Mason, Andrew J and Dunning, Iain},
  booktitle={Proceedings of the 45th Annual Conference of the ORSNZ},
  pages={181--190},
  year={2010},
  organization={Operations Research Society of New Zealand}
}

@book{daskin2011network,
  title={Network and discrete location: models, algorithms, and applications},
  author={Daskin, Mark S},
  year={2011},
  publisher={John Wiley \& Sons}
}

@inproceedings{zhang2019review,
  title={Review of the electric vehicle charging station location problem},
  author={Zhang, Yu and Liu, Xiangtao and Zhang, Tianle and Gu, Zhaoquan},
  booktitle={International Conference on Dependability in Sensor, Cloud, and Big Data Systems and Applications},
  pages={435--445},
  year={2019},
  organization={Springer}
}

@inproceedings{bi2017simulation,
  title={A simulation-based heuristic for city-scale electric vehicle charging station placement},
  author={Bi, Ran and Xiao, Jiajian and Pelzer, Dominik and Ciechanowicz, David and Eckhoff, David and Knoll, Alois},
  booktitle={2017 IEEE 20th International Conference on Intelligent Transportation Systems (ITSC)},
  pages={1--7},
  year={2017},
  organization={IEEE}
}

@article{huang2016design,
  title={The design of electric vehicle charging network},
  author={Huang, Kai and Kanaroglou, Pavlos and Zhang, Xiaozhou},
  journal={Transportation Research Part D: Transport and Environment},
  volume={49},
  pages={1--17},
  year={2016},
  publisher={Elsevier}
}

@article{erbacs2018optimal,
  title={Optimal siting of electric vehicle charging stations: A GIS-based fuzzy Multi-Criteria Decision Analysis},
  author={Erba{\c{s}}, Mehmet and Kabak, Mehmet and {\"O}zceylan, Eren and {\c{C}}etinkaya, Cihan},
  journal={Energy},
  volume={163},
  pages={1017--1031},
  year={2018},
  publisher={Elsevier}
}

@article{guo2012study,
  title={Study on global optimization and control strategy development for a PHEV charging facility},
  author={Guo, Feng and Inoa, Ernesto and Choi, Woongchul and Wang, Jin},
  journal={IEEE transactions on vehicular technology},
  volume={61},
  number={6},
  pages={2431--2441},
  year={2012},
  publisher={IEEE}
}

@inproceedings{lam2012capacity,
  title={Capacity management of vehicle-to-grid system for power regulation services},
  author={Lam, Albert YS and Leung, Ka-Cheong and Li, Victor OK},
  booktitle={2012 IEEE Third International Conference on Smart Grid Communications (SmartGridComm)},
  pages={442--447},
  year={2012},
  organization={IEEE}
}

@inproceedings{lam2012multi,
  title={A multi-layer market for vehicle-to-grid energy trading in the smart grid},
  author={Lam, Albert YS and Huang, Longbo and Silva, Alonso and Saad, Walid},
  booktitle={2012 Proceedings IEEE INFOCOM Workshops},
  pages={85--90},
  year={2012},
  organization={IEEE}
}


@inproceedings{chen2012iems,
  title={iEMS for large scale charging of electric vehicles: Architecture and optimal online scheduling},
  author={Chen, Shiyao and Tong, Lang},
  booktitle={2012 IEEE Third International Conference on Smart Grid Communications (SmartGridComm)},
  pages={629--634},
  year={2012},
  organization={IEEE}
}

@article{maghfiroh2021current,
  title={Current Readiness Status of Electric Vehicles in Indonesia: Multistakeholder Perceptions},
  author={Maghfiroh, Meilinda Fitriani Nur and Pandyaswargo, Andante Hadi and Onoda, Hiroshi},
  journal={Sustainability},
  volume={13},
  number={23},
  pages={13177},
  year={2021},
  publisher={Multidisciplinary Digital Publishing Institute}
}

@misc{evoutlook,
title = {{Global EV Outlook 2020}},
url = {https://www.iea.org/reports/global-ev-outlook-2020},
author = {IEA},
year={2021},
urldate = {2022-03-08}
}

@misc{ev_240,
title = {{Number of electric vehicle charging stations reaches 240}},
year = {2021},
author={Purnama, Sugiharto and Liman, Uyu and Assegaf, Farda},
url = {https://en.antaranews.com/news/188389/number-of-electric-vehicle-charging-stations-reaches-240
},
urldate = {2022-03-08}
}

@misc{ev_31000,
title = {{Indonesia needs 31,000 charging stations to reach electric vehicle goals}},
year = {2020},
author={Harsono, Norman},
url = {https://www.thejakartapost.com/news/2020/09/04/indonesia-needs-31000-charging-stations-to-reach-electric-vehicle-goals.html
},
urldate = {2022-03-08}
}




@misc{indonesiaenergy,
title = {{Indonesia - Energy}},
author = {Simanjutak, Mario},
url = {https://www.trade.gov/country-commercial-guides/indonesia-energy
},
year={2022},
urldate = {2023-02-01}
}

@misc{10causespoweroutages,
title = {{10 Common Causes of Power Outages (and 2 Unusual Ones)}},
url = {https://blog.ecoflow.com/us/common-causes-of-power-outages/
},
author = {Sowden, Hollie},
year={2022},
urldate = {2023-02-01}
}





@article{yong2015review,
  title={A review on the state-of-the-art technologies of electric vehicle, its impacts and prospects},
  author={Yong, Jia Ying and Ramachandaramurthy, Vigna K and Tan, Kang Miao and Mithulananthan, Nadarajah},
  journal={Renewable and sustainable energy reviews},
  volume={49},
  pages={365--385},
  year={2015},
  publisher={Elsevier}
}


@misc{energysubsidy,
title = {{Total energy subsidies in Indonesia from 2012 to 2021}},
url = {https://www.statista.com/statistics/992719/indonesia-energy-subsidies/},
urldate = {2022-03-08}
}


@misc{gasprice,
title = {{Record-breaking gas prices could be here to stay—here’s what a gallon might cost you this summer}},
url = {https://www.cnbc.com/2022/03/08/with-record-breaking-prices-heres-how-much-gas-might-cost-this-year.html},
urldate = {2022-03-08}
}



@misc{energytransindo,
title = {{Projected avoided energy consumption in the transport sector in Indonesia, 2020-2030}},
url = {https://www.iea.org/data-and-statistics/charts/projected-avoided-energy-consumption-in-the-transport-sector-in-indonesia-2020-2030},
urldate = {2022-03-02}
}

@article{adeleke2020facility,
  title={Facility location problems: models, techniques, and applications in waste management},
  author={Adeleke, Olawale J and Olukanni, David O},
  journal={Recycling},
  volume={5},
  number={2},
  pages={10},
  year={2020},
  publisher={Multidisciplinary Digital Publishing Institute}
}


@inproceedings{adacher2018heuristics,
  title={Heuristics for Electric Vehicle Charging Station Allocation Problem},
  author={Adacher, Ludovica},
  booktitle={2018 5th International Conference on Mathematics and Computers in Sciences and Industry (MCSI)},
  pages={72--76},
  year={2018},
  organization={IEEE}
}

@phdthesis{rohmat2016penggunaan,
  title={Penggunaan Metode Analisis Spasial Dan Genetic Algorithms (Ga) Pada Sistem Penentuan Lokasi Optimum Spbu},
  author={Rohmat, Muhammad Yarjuna},
  year={2016},
  school={Institut Teknologi Sepuluh Nopember Surabaya}
}

@inproceedings{arayici2019optimal,
  title={The optimal placement model for electric vehicle charging stations},
  author={Arayici, Kerem Can and Poyrazoglu, Gokturk},
  booktitle={2019 International Conference on Power Generation Systems and Renewable Energy Technologies (PGSRET)},
  pages={1--4},
  year={2019},
  organization={IEEE}
}

@inproceedings{shi2014study,
  title={Study on EV charging station location planning based on the load balance principle with agent-based AnyLogic simulation},
  author={Shi, Ruifeng and Zheng, Shiyao and Zhang, Chaoqun and Zhang, Li},
  booktitle={The 26th Chinese Control and Decision Conference (2014 CCDC)},
  pages={1515--1519},
  year={2014},
  organization={IEEE}
}

@article{frade2011optimal,
  title={Optimal location of charging stations for electric vehicles in a neighborhood in Lisbon, Portugal},
  author={Frade, In{\^e}s and Ribeiro, Anabela and Gon{\c{c}}alves, Gon{\c{c}}alo and Antunes, Ant{\'o}nio Pais},
  journal={Transportation Research Record},
  volume={2252},
  number={1},
  pages={91--98},
  year={2011},
  publisher={SAGE Publications Sage CA: Los Angeles, CA}
}

@inproceedings{ravlic2016optimizing,
  title={Optimizing charging station locations for fleet of electric vehicles using multi-source weber problem},
  author={Ravli{\'c}, Martina and Erdeli{\'c}, Tomislav and Cari{\'c}, Ton{\v{c}}i},
  booktitle={2016 International Symposium ELMAR},
  pages={111--114},
  year={2016},
  organization={IEEE}
}

@article{davidov2016optimization,
  title={Optimization of expansion planning of electric drive vehicle infrastructure},
  author={Davidov, Sreten and Pantos, Milos},
  year={2016},
  publisher={IET}
}

@incollection{xia2017location,
  title={Location model research of charging station for electric vehicle based on users’ benefit},
  author={Xia, Fei and Wang, Zhicheng and Peng, Daogang and Li, Zihao and Luo, Zhijiang and Yuan, Bo},
  booktitle={Advanced Computational Methods in Energy, Power, Electric Vehicles, and Their Integration},
  pages={351--361},
  year={2017},
  publisher={Springer}
}

