@article{okongwu2008advanced,
  title={Advanced Available-To-Promise for Order Management in Stock-out Situation},
  author={Okongwu, Uche and Lauras, Matthieu and Humez, V{\'e}rane and Dupont, Lionel},
  journal={Operations and Supply Chain Management: An International Journal},
  volume={1},
  number={2},
  pages={101--114},
  year={2008}
}


@article{pujawan2016operations,
  title={Operations and Supply Chain Management: Toward Ten Years of Journey},
  author={Pujawan, INyoman},
  journal={Operations and Supply Chain Management: An International Journal},
  volume={10},
  number={1},
  pages={1--3},
  year={2016}
}

@article{devi2021social,
  title={Social media in operations and supply chain management: a systematic literature review to explore the future},
  author={Devi, Yashoda and Ganguly, Kunal},
  journal={Operations and Supply Chain Management: An International Journal},
  volume={14},
  number={2},
  pages={232--248},
  year={2021}
}