@article{queiroz2022supply,
  title={Supply chain resilience in the UK during the coronavirus pandemic: a resource orchestration perspective},
  author={Queiroz, Maciel M and Wamba, Samuel Fosso and Jabbour, Charbel Jose Chiappetta and Machado, Marcio C},
  journal={International Journal of Production Economics},
  volume={245},
  pages={108405},
  year={2022},
  publisher={Elsevier}
}